<?xml version="1.0" encoding="UTF-8"?><collection xmlns="http://www.loc.gov/MARC21/slim"><record><leader>00498nam--2200157-i-4500</leader><controlfield tag="001">000008866</controlfield><controlfield tag="002">20161230</controlfield><controlfield tag="005">20170224011852</controlfield><controlfield tag="008">060222s1000------------r-----000-0-eng-d</controlfield><datafield ind1=" " ind2=" " tag="100"><subfield code="a">Da Costa Cabral, Duarte Seixas</subfield></datafield><datafield ind1=" " ind2=" " tag="245"><subfield code="a">Polynomials over a discrete set, orthogonal for a non-negative weight function</subfield></datafield><datafield ind1=" " ind2=" " tag="260"><subfield code="a">Lisboa</subfield><subfield code="b">Centro De Calculo Cientifico</subfield><subfield code="c">1968</subfield></datafield><datafield ind1=" " ind2=" " tag="300"><subfield code="a">38 p.+ Fig</subfield></datafield><datafield ind1=" " ind2=" " tag="490"><subfield code="a">Estudos De Programacao E Analise Numerica</subfield></datafield><datafield ind1=" " ind2=" " tag="852"><subfield code="a">681.3.06</subfield></datafield><datafield ind1=" " ind2=" " tag="CAT"><subfield code="a">SYS</subfield><subfield code="c">20170224</subfield><subfield code="h">011852</subfield></datafield></record></collection>